<?xml version='1.0' encoding='UTF-8'?>
<record xmlns="http://www.loc.gov/MARC21/slim">
  <leader>02399cam a2200433 a 4500</leader>
  <controlfield tag="001">417470</controlfield>
  <controlfield tag="003">NjP</controlfield>
  <controlfield tag="005">20170605130713.0</controlfield>
  <controlfield tag="008">871221s1925    sy            001 0 ara d</controlfield>
  <datafield tag="024" ind1="7" ind2=" ">
    <subfield code="a">princeton_aco001706</subfield>
    <subfield code="2">local</subfield>
  </datafield>
  <datafield ind1=" " ind2=" " tag="035">
    <subfield code="a">(OCoLC)81123078</subfield>
  </datafield>
  <datafield ind1=" " ind2=" " tag="035">
    <subfield code="a">(OCoLC)ocn175790893</subfield>
  </datafield>
  <datafield ind1=" " ind2=" " tag="035">
    <subfield code="a">(OCoLC)175790893</subfield>
  </datafield>
  <datafield ind1=" " ind2=" " tag="035">
    <subfield code="a">(CStRLIN)NJPG87-B63274</subfield>
  </datafield>
  <datafield ind1=" " ind2=" " tag="035">
    <subfield code="9">ABZ3011TS</subfield>
  </datafield>
  <datafield ind1=" " ind2=" " tag="035">
    <subfield code="a">(NjP)417470</subfield>
  </datafield>
  <datafield ind1=" " ind2=" " tag="040">
    <subfield code="a">NjP</subfield>
    <subfield code="c">PUL</subfield>
    <subfield code="d">PUL</subfield>
  </datafield>
  <datafield ind1=" " ind2=" " tag="043">
    <subfield code="a">f------</subfield>
    <subfield code="a">a------</subfield>
  </datafield>
  <datafield ind1=" " ind2=" " tag="049">
    <subfield code="a">PULL</subfield>
  </datafield>
  <datafield ind1=" " ind2=" " tag="079">
    <subfield code="a">ocm81123078</subfield>
  </datafield>
  <datafield ind1="0" ind2=" " tag="130">
    <subfield code="6">880-01</subfield>
    <subfield code="a">Waqf al-Wazīr Lālā Muṣṭafá Bāshā</subfield>
  </datafield>
  <datafield ind1="1" ind2="0" tag="245">
    <subfield code="6">880-02</subfield>
    <subfield code="a">Kitāb waqf al-Wazīr Lālā Muṣṭafá Bāshā. Wa-yalīhi, Kitāb waqf Fāṭimah Khātūn bint Muḥammad Bik ibn al-Sulṭān al-Malik al-Ashraf Qānṣūh al-Ghūrī /</subfield>
    <subfield code="c">waqafa ʻalá ṭabʻihimā Khalīl ibn Aḥmad Mardam.</subfield>
  </datafield>
  <datafield ind1=" " ind2=" " tag="260">
    <subfield code="6">880-03</subfield>
    <subfield code="a">Dimashq :</subfield>
    <subfield code="b">Maṭbaʻat al-Taraqqī,</subfield>
    <subfield code="c">1925.</subfield>
  </datafield>
  <datafield ind1=" " ind2=" " tag="300">
    <subfield code="a">260, 44 p. ;</subfield>
    <subfield code="c">29 cm.</subfield>
  </datafield>
  <datafield ind1=" " ind2=" " tag="500">
    <subfield code="a">Includes indexes.</subfield>
  </datafield>
  <datafield ind1=" " ind2="0" tag="650">
    <subfield code="a">Land trusts (Islamic law)</subfield>
    <subfield code="x">Sources.</subfield>
  </datafield>
  <datafield ind1=" " ind2="0" tag="650">
    <subfield code="a">Endowments</subfield>
    <subfield code="z">Islamic countries</subfield>
    <subfield code="x">Sources.</subfield>
  </datafield>
  <datafield ind1="1" ind2=" " tag="700">
    <subfield code="6">880-04</subfield>
    <subfield code="a">Mardam, Khalīl,</subfield>
    <subfield code="d">1895-1959.</subfield>
    <subfield code="0">http://id.loc.gov/authorities/names/n82032117</subfield>
  </datafield>
  <datafield ind1="0" ind2=" " tag="740">
    <subfield code="6">880-05</subfield>
    <subfield code="a">Kitāb waqf Fāṭimah Khātūn bint Muḥammad Bik ibn al-Sulṭān al-Malik al-Ashraf Qānṣūh al-Ghūrī.</subfield>
  </datafield>
  <datafield ind1="0" ind2=" " tag="740">
    <subfield code="6">880-06</subfield>
    <subfield code="a">Waqf Fāṭimah Khātūn bint Muḥammad Bik ibn al-Sulṭān al-Malik al-Ashraf Qānṣūh al-Ghūrī.</subfield>
  </datafield>
  <datafield ind1="0" ind2=" " tag="880">
    <subfield code="6">130-01/r</subfield>
    <subfield code="a">وقف الوزير لالا مصطفى باشا</subfield>
  </datafield>
  <datafield ind1="1" ind2="0" tag="880">
    <subfield code="6">245-02/r</subfield>
    <subfield code="a">كتاب وقف الوزير لالا مصطفى باشا. ويليه، كتاب وقف فاطمة خاتون بنت محمد بك بن السلطان الملك الاشرف قانصوه الغوري /</subfield>
    <subfield code="c">وقف على طبعهما خليل بن احمد مردم.</subfield>
  </datafield>
  <datafield ind1=" " ind2=" " tag="880">
    <subfield code="6">260-03/r</subfield>
    <subfield code="a">دمشق :</subfield>
    <subfield code="b">مطبعة الترقي،</subfield>
    <subfield code="c">1925.</subfield>
  </datafield>
  <datafield ind1="1" ind2=" " tag="880">
    <subfield code="6">700-04/r</subfield>
    <subfield code="a">مردم، خليل،</subfield>
    <subfield code="d">1895؟1959.</subfield>
  </datafield>
  <datafield ind1="0" ind2=" " tag="880">
    <subfield code="6">740-05/r</subfield>
    <subfield code="a">كتاب وقف فاطمة خاتون بنت محمد بك بن السلطان الملك الاشرف قانصوه الغوري.</subfield>
  </datafield>
  <datafield ind1="0" ind2=" " tag="880">
    <subfield code="6">740-06/r</subfield>
    <subfield code="a">وقف فاطمة خاتون بنت محمد بك بن السلطان الملك الاشرف قانصوه الغوري.</subfield>
  </datafield>
  <datafield ind1=" " ind2=" " tag="998">
    <subfield code="a">10/08/90</subfield>
    <subfield code="s">9118</subfield>
    <subfield code="n">NjP</subfield>
    <subfield code="w">NJPG87B63274</subfield>
    <subfield code="d">12/21/87</subfield>
    <subfield code="c">JEB</subfield>
    <subfield code="b">JEB</subfield>
    <subfield code="i">901008</subfield>
    <subfield code="l">NJPG</subfield>
  </datafield>
  <datafield ind1=" " ind2=" " tag="911">
    <subfield code="a">19921028</subfield>
  </datafield>
  <datafield ind1=" " ind2=" " tag="912">
    <subfield code="a">19910104000000.0</subfield>
  </datafield>
  <datafield ind1=" " ind2=" " tag="994">
    <subfield code="a">C0</subfield>
    <subfield code="b">PUL</subfield>
  </datafield>
  <datafield ind1=" " ind2=" " tag="999">
    <subfield code="a">417470</subfield>
  </datafield>
  <datafield ind1="8" ind2="0" tag="852">
    <subfield code="0">454652</subfield>
    <subfield code="b">nec</subfield>
    <subfield code="t">1</subfield>
    <subfield code="h">KBL</subfield>
    <subfield code="i">.K572</subfield>
  </datafield>
  <datafield ind1=" " ind2=" " tag="959">
    <subfield code="a">2000-06-13 00:00:00 -0500</subfield>
  </datafield>
</record>
